%%%%%%%%%%%%%%%%%%%%%%%%%%%%%%%%%%%%%%%%%%%%%%%%%%%%%%%%%%%%%%%%%%%%%%%%%%%%%%%%
%   Copyright 2009,2010, Oracle and/or its affiliates.
%   All rights reserved.
%
%
%   Use is subject to license terms.
%
%   This distribution may include materials developed by third parties.
%
%%%%%%%%%%%%%%%%%%%%%%%%%%%%%%%%%%%%%%%%%%%%%%%%%%%%%%%%%%%%%%%%%%%%%%%%%%%%%%%%


@article{blumofe,
  author = "Robert D. Blumofe and Charles E. Leiserson",
  title = "Scheduling Multithreaded Computations by Work Stealing",
  journal={Journal of the ACM},
  year = {1999},
  volume = {46},
  number = {5},
  pages = {720--748},
  month = sep,
}

