@misc{Fortress,
 author = "Eric Allen and David Chase and Joe Hallett and Victor Luchangco and Jan-Willem Maessen and Sukyoung Ryu and {Steele~Jr.}, Guy L. and Sam Tobin-Hochstadt",
 title = "{The Fortress Language Specification Version 1.0}",
 year = "2008",
 month = {March},
 institution = "Sun Microsystems, Inc.",
 url = {http://labs.oracle.com/projects/plrg/Publications/fortress.1.0.pdf},
}

@inproceedings{wadler89,
 author = {Wadler, P. and Blott, S.},
 title = {How to make ad-hoc polymorphism less ad hoc},
 booktitle = {POPL '89: Proceedings of the 16th ACM SIGPLAN-SIGACT Symposium on Principles of Programming Languages},
 year = {1989},
 pages = {60--76},
 location = {Austin, Texas, United States},
 publisher = {ACM},
 address = {New York, NY, USA},
 }

@inproceedings{allen07,
 author = {Allen, Eric and Hallett, J. J. and Luchangco, Victor and Ryu, Sukyoung and {Steele~Jr.}, Guy L.},
 title = {Modular multiple dispatch with multiple inheritance},
 booktitle = {SAC '07: Proceedings of the 2007 ACM Symposium on Applied Computing},
 year = {2007},
 pages = {1117--1121},
 location = {Seoul, Korea},
 publisher = {ACM},
 address = {New York, NY, USA},
}
 
@BOOK{Pierce:TypeSystems,
  author = {Benjamin C. Pierce},
  title = {Types and Programming Languages},
  publisher = {MIT Press},
  year = {2002},
  homepage = {http://www.cis.upenn.edu/~bcpierce/tapl},
  errata = {http://www.cis.upenn.edu/~bcpierce/tapl/errata.txt}
}

@MISC{kennedy07,
  author = {Kennedy, Andrew J. and Pierce, Benjamin C.},
  title = {On Decidability of Nominal Subtyping with Variance},
  year = {2006},
  month = {September},
  note = {FOOL-WOOD '07}
}

@book{scala,
    author = {Odersky, Martin},
    title = {{The Scala Language Specification, Version 2.7}},
    publisher =  {EPFL Lausanne, Switzerland},
    year = {2009},
    url = {http://www.scala-lang.org/docu/files/ScalaReference.pdf}
}

@book{JavaSpec,
  address = {Amsterdam},
  author = {James Gosling and Bill Joy and Guy Steele and Gilad Bracha},
  day = 28,
  edition = 3,
  pages = 688,
  publisher = {Addison-Wesley Longman},
  title = {The Java Language Specification, Third Edition},
  year = 2005,
  month = {June}
}

@book{CSharpSpec,
 author = {Hejlsberg, Anders and Wiltamuth, Scott and Golde, Peter},
 title = {C\# Language Specification},
 year = {2003},
 publisher = {Addison-Wesley Longman Publishing Co., Inc.},
 address = {Boston, MA, USA},
 }

@article{castagna95,
 author = {Castagna, Giuseppe and Ghelli, Giorgio and Longo, Giuseppe},
 title = {A calculus for overloaded functions with subtyping},
 journal = {Information and Computation},
 volume = {117},
 number = {1},
 pages = {115--135},
 year = {1995},
}

@article{castagna92,
 author = {Castagna, Giuseppe and Ghelli, Giorgio and Longo, Giuseppe},
 title = {A calculus for overloaded functions with subtyping},
 journal = {SIGPLAN Lisp Pointers},
 volume = {V},
 number = {1},
 year = {1992},
 pages = {182--192},
 publisher = {ACM},
 address = {New York, NY, USA},
 }

@misc{haskell2010,
 author = {Doel, Dan and Peyton~Jones, Simon},
 title = {Overlapping instances + existentials = incoherent instances},
 month = {February},
 year = {2010},
 note = {Glasgow Haskell Users mailing list},
 url = {http://www.haskell.org/pipermail/glasgow-haskell-users/2010-February/018417.html}
}

@book{jonesbook,
 author = {Jones, Mark P.},
 title = {Qualified types: theory and practice},
 year = {1995},
 publisher = {Cambridge University Press},
 address = {New York, NY, USA},
 }

@ARTICLE{haskell96,
    author = {Cordelia Hall and Kevin Hammond and Peyton~Jones, Simon and Philip Wadler},
    title = {Type classes in {Haskell}},
    journal = {ACM Trans. Program. Lang. Syst.},
    year = {1996},
    volume = {18},
    pages = {241--256}
}

@misc{ghc,
  author = "{The GHC Team}",
  key = {GHC Team},
  title = "{The Glorious Glasgow Haskell Compilation System User's Guide}",
  year = {2010},
  note = {Version 6.12.2},
  url = {http://www.haskell.org/ghc/docs/6.12.2/users_guide.pdf} 
}

@book{haskell98,
    author = {Peyton~Jones, Simon},
    publisher = {Cambridge University Press},
    title = {Haskell 98 Language and Libraries: {The} Revised Report},
    year = {2003}
}

@article{faxen02,
 author = {Fax\'{e}n, Karl-Filip},
 title = {A static semantics for {Haskell}},
 journal = {J. Funct. Program.},
 volume = {12},
 number = {5},
 year = {2002},
 pages = {295--357},
 publisher = {Cambridge University Press},
 address = {New York, NY, USA},
 }

@TECHREPORT{pierce97,
   author = {Benjamin C. Pierce},
   title = {Bounded Quantification with Bottom},
   institution = {Computer Science Department, Indiana University},
   year = {1997}
}

@inproceedings{dreyer07,
 author = {Dreyer, Derek and Harper, Robert and Chakravarty, Manuel M. T.},
 title = {Modular type classes},
 booktitle = {POPL '07: Proceedings of the 34th ACM SIGPLAN-SIGACT Symposium on Principles of Programming Languages},
 year = {2007},
 pages = {63--70},
 location = {Nice, France},
 publisher = {ACM},
 address = {New York, NY, USA},
 }

@inproceedings{dm82,
 author = {Damas, Luis and Milner, Robin},
 title = {Principal type-schemes for functional programs},
 booktitle = {POPL '82: Proceedings of the 9th ACM SIGPLAN-SIGACT Symposium on Principles of Programming Languages},
 year = {1982},
 pages = {207--212},
 location = {Albuquerque, New Mexico},
 publisher = {ACM},
 address = {New York, NY, USA},
 }

@article{pierce00,
 author = {Pierce, Benjamin C. and Turner, David N.},
 title = {Local type inference},
 journal = {ACM Trans. Program. Lang. Syst.},
 volume = {22},
 number = {1},
 year = {2000},
 pages = {1--44},
 publisher = {ACM},
 address = {New York, NY, USA},
 }

@phdthesis{siek05,
 author = {Siek, Jeremy G.},
 title = {A language for generic programming},
 year = {2005},
 isbn = {0-542-30809-6},
 school = {Indiana University},
 publisher = {Indiana University},
 address = {Indianapolis, IN, USA},
 }

@INPROCEEDINGS{wehr07,
    author = {Stefan Wehr and Ralf Lämmel and Peter Thiemann},
    title = {{JavaGI}: Generalized interfaces for {Java}},
    booktitle = {ECOOP 2007, Proceedings. LNCS, Springer-Verlag (2007) 25},
    year = {2007},
    pages = {347--372},
    publisher = {Springer-Verlag}
}

@article{multijava,
 author = {Clifton, Curtis and Millstein, Todd and Leavens, Gary T. and Chambers, Craig},
 title = {{MultiJava}: Design rationale, compiler implementation, and applications},
 journal = {ACM Trans. Program. Lang. Syst.},
 volume = {28},
 number = {3},
 year = {2006},
 pages = {517--575},
 publisher = {ACM},
 address = {New York, NY, USA},
 }

@phdthesis{millstein03,
 author = {Millstein, Todd David},
 title = {Reconciling software extensibility with modular program reasoning},
 year = {2003},
 publisher = {University of Washington},
 school = {University of Washington}
 }

@article{millstein02,
    author = {Todd Millstein and Craig Chambers},
    title = {Modular Statically Typed Multimethods},
    journal = {Information and Computation},
    year = {2002},
    volume = {175},
    number = {1},
    pages = {76--118},
    publisher = {Springer-Verlag}
}

@inproceedings{millstein99,
    author = {Todd Millstein and Craig Chambers},
    title = {Modular Statically Typed Multimethods},
    booktitle = {ECOOP '99: Proceedings of the 13th European Conference on Object-Oriented Programming},
    year = {1999},
    pages = {279-303},
    publisher = {Springer-Verlag}
}

@INPROCEEDINGS{feml,
    author = {Keunwoo Lee and Craig Chambers},
    title = {Parameterized modules for classes and extensible functions},
    booktitle = {ECOOP ’06 : Proceedings of the 20th European Conference on Object-Oriented Programming},
    pages = {353--378},
    year = {2006},
    publisher = {Springer-Verlag}
}

@article{mitchell88,
 author = {Mitchell, John C.},
 title = {Polymorphic type inference and containment},
 journal = {Information and Computation},
 volume = {76},
 number = {2-3},
 year = {1988},
 pages = {211--249},
 publisher = {Academic Press, Inc.},
 address = {Duluth, MN, USA},
 }

@inproceedings{smith08,
 author = {Smith, Daniel and Cartwright, Robert},
 title = {Java type inference is broken: can we fix it?},
 booktitle = {OOPSLA '08: Proceedings of the 23rd ACM SIGPLAN Conference on Object-Oriented Programming Systems Languages and Applications},
 year = {2008},
 pages = {505--524},
 location = {Nashville, TN, USA},
 publisher = {ACM},
 address = {New York, NY, USA},
 }

@inproceedings{bourdoncle97,
 author = {Bourdoncle, Fran\c{c}ois and Merz, Stephan},
 title = {Type checking higher-order polymorphic multi-methods},
 booktitle = {POPL '97: Proceedings of the 24th ACM SIGPLAN-SIGACT Symposium on Principles of Programming Languages},
 year = {1997},
 pages = {302--315},
 location = {Paris, France},
 publisher = {ACM},
 address = {New York, NY, USA},
 }

@article{simonet07,
 author = {Simonet, Vincent and Pottier, Fran\c{c}ois},
 title = {A constraint-based approach to guarded algebraic data types},
 journal = {ACM Trans. Program. Lang. Syst.},
 volume = {29},
 number = {1},
 year = {2007},
 pages = {1},
 publisher = {ACM},
 address = {New York, NY, USA},
 }
 
@inproceedings{jones09,
 author = {Schrijvers, Tom and Peyton~Jones, Simon and Sulzmann, Martin and Vytiniotis, Dimitrios},
 title = {Complete and decidable type inference for {GADTs}},
 booktitle = {ICFP '09: Proceedings of the 14th ACM SIGPLAN International Conference on Functional Programming},
 year = {2009},
 pages = {341--352},
 location = {Edinburgh, Scotland},
 publisher = {ACM},
 address = {New York, NY, USA},
 }

@INPROCEEDINGS{litvinov98,
    author = {Vassily Litvinov},
    title = {Constraint-Based Polymorphism in {Cecil}: Towards a Practical and Static Type System},
    booktitle = {Proceedings of the 13th ACM Conference on Object-Oriented Programming Systems, Languages and Applications},
    year = {1998},
    pages = {388--411},
    publisher = {ACM Press}
}

@inproceedings{canning89,
 author = {Canning, Peter and Cook, William and Hill, Walter and Olthoff, Walter and Mitchell, John C.},
 title = {F-bounded polymorphism for object-oriented programming},
 booktitle = {FPCA '89: Proceedings of the 4th International Conference on Functional Programming Languages and Computer Architecture},
 year = {1989},
 location = {Imperial College, London, United Kingdom},
 pages = {273--280},
 numpages = {8},
 publisher = {ACM},
 address = {New York, NY, USA},
}

@article{baldan99,
 author = {Baldan, Paolo and Ghelli, Giorgio and Raffaet\`{a}, Alessandra},
 title = {Basic theory of F-bounded quantification},
 journal = {Information and Computation},
 volume = {153},
 issue = {2},
 month = {September},
 year = {1999},
 pages = {173--237},
 numpages = {65},
 publisher = {Academic Press, Inc.},
 address = {Duluth, MN, USA},
}

@inproceedings{damas82,
 author = {Damas, Luis and Milner, Robin},
 title = {Principal type-schemes for functional programs},
 booktitle = {POPL '82: Proceedings of the 9th ACM SIGPLAN-SIGACT Symposium on Principles of Programming Languages},
 year = {1982},
 location = {Albuquerque, New Mexico},
 pages = {207--212},
 numpages = {6},
 publisher = {ACM},
 address = {New York, NY, USA},
} 
