%%%%%%%%%%%%%%%%%%%%%%%%%%%%%%%%%%%%%%%%%%%%%%%%%%%%%%%%%%%%%%%%%%%%%%%%%%%%%%%%
%   Copyright 2009,2010, Oracle and/or its affiliates.
%   All rights reserved.
%
%
%   Use is subject to license terms.
%
%   This distribution may include materials developed by third parties.
%
%%%%%%%%%%%%%%%%%%%%%%%%%%%%%%%%%%%%%%%%%%%%%%%%%%%%%%%%%%%%%%%%%%%%%%%%%%%%%%%%

@misc{allen-05-components,
  author = "Eric Allen and Victor Luchangco and Sam Tobin-Hochstadt",
  title = "{Encapsulated Upgradable Components}",
  year = "2005",
  month = mar,
  institution = "Sun Microsystems, Inc.",
  number = "2005-0156"
}

@article{blumofe,
  author = "Robert D. Blumofe and Charles E. Leiserson",
  title = "Scheduling Multithreaded Computations by Work Stealing",
  journal={Journal of the ACM},
  year = {1999},
  volume = {46},
  number = {5},
  pages = {720--748},
  month = sep,
}

@article{CilkSched,
  title={Cilk: An Efficient Multithreaded Run-Time System},
  author={Robert D. Blumofe and Christopher F. Joerg and Bradley C. Kuszmaul and Charles E. Leiserson and Keith H. Randall and Yuli Zhou},
  journal={Journal of Parallel and Distributed Computing},
  volume=37,
  number=1,
  pages={55-69},
  month=aug,
  year=1996,
}

@book{Eiffel,
  year = {1988},
  title = {Object-oriented Software Construction},
  publisher = {Prentice Hall},
  author = {B. Meyer}
}

@inproceedings{fgj,
  author = "Atshushi Igarashi and Benjamin Pierce and Philip Wadler",
  title = "{Featherweight Java}: {A} Minimal Core Calculus for {Java} and {GJ}",
  booktitle = "Proceedings of the 1999 {ACM} {SIGPLAN} Conference on Object-Oriented Programming, Systems, Languages {\&} Applications ({OOPSLA}`99)",
  volume = "34(10)",
  address = "N. Y.",
  editor = "Loren Meissner",
  pages = "132--146",
  year = "1999",
  url = "citeseer.ist.psu.edu/igarashi99featherweight.html"
}

@Misc{Fortress,
  author = "Eric Allen and David Chase and Joe Hallett and Victor Luchangco and Jan-Willem Maessen and Sukyoung Ryu and Guy L. Steele Jr. and Sam Tobin-Hochstadt",
  title = "{The Fortress Language Specification Version 1.0}",
  year = "2008",
  month = mar,
  institution = "Sun Microsystems, Inc.",
  howpublished = "\url{http://research.sun.com/projects/plrg/Publications/fortress.1.0.pdf}"
}

@article{fingerTree,
  author={Ralf Hinze and Ross Paterson},
  title={Finger trees: a simple general-purpose data structure},
  journal={Journal of Functional Programming},
  volume=16,
  number=2,
  pages={197--217},
  month=mar,
  year=2006
}

@InProceedings{fool09,
  title = "Growing a Syntax",
  author = "Eric Allen and Ryan Culpepper and Janus Dam Nielsen and Jon Rafkind and Sukyoung Ryu",
  booktitle = "Foundations of Object-Oriented Languages",
  year = 2009
}

@misc{FortressInterpreter,
  author = "Sun's Programming Language Research Group",
  title = "Project Fortress",
  howpublished = "\url{http://projectfortress.sun.com}" }

@book{functionalDS,
  author = "Chris Okasaki",
  title = "Purely Functional Data Structures",
  publisher = "Cambridge University Press",
  address = "Cambridge, UK",
  year = "1998"
}

@book{Haskell,
  year = {2003},
  title = {Haskell 98 Language and Libraries},
  publisher = {Cambridge University Press},
  author = {Simon Peyton-Jones}
}

@book{JLS,
  author = {Bracha, Gilad and Steele, Guy and Joy, Bill and Gosling, James },
  citeulike-article-id = {113341},
  howpublished = {Paperback},
  isbn = {0321246780},
  keywords = {java oopsla-paper},
  month = {July},
  publisher = {Addison-Wesley Professional},
  title = {Java\texttrademark\ Language Specification, The (3rd Edition) (Java Series)},
  url = "\url{http://www.amazon.fr/exec/obidos/ASIN/0321246780/citeulike04-21}",
  year = {2005}
}

@techreport{lazyTask,
  author = "Eric Mohr and David A. Kranz and Halstead, Jr., Robert H.",
  title = "LAZY TASK CREATION: A TECHNIQUE FOR INCREASING THE GRANULARITY OF PARALLEL PROGRAMS",
  institution = "MIT/LCS",
  number = "TM-449",
  pages = "22",
  year = "1991",
  url = "\url{citeseer.ist.psu.edu/mohr90lazy.html}"
}

@Article{LazyThreads,
  author = 	 {Seth C. Goldstein and Klaus E. Schauser and Dave E. Culler},
  title = 	 {{Lazy Threads: Implementing a Fast Parallel Call}},
  journal = 	 {Journal of Parallel and Distributed Computing},
  year = 	 1996,
  volume =	 37,
  number =	 1,
  month =	 aug
}

@inproceedings{MethodContracts,
  author = {Findler, Robert  B.  and Latendresse, Mario   and Felleisen, Matthias  },
  booktitle = {ESEC/FSE-9: Proceedings of the 8th European software engineering conference held jointly with 9th ACM SIGSOFT international symposium on Foundations of software engineering},
  citeulike-article-id = {4865},
  doi = {10.1145/503209.503240},
  isbn = {1581133901},
  keywords = {contracts semantics},
  month = {September},
  pages = {229--236},
  publisher = {ACM Press},
  title = {Behavioral contracts and behavioral subtyping},
  url = {http://dx.doi.org/10.1145/503209.503240},
  year = {2001}
}

@InProceedings{MFFF-RTA04,
  author =       "J. Matthews and R. B. Findler and M. Flatt and M.
                 Felleisen",
  title =        "{A Visual Environment for Developing Context-Sensitive
                 Term Rewriting Systems (system description)}",
  pages =        "301--311",
  year =         "2004",
  month =        jun # "~3-5,",
  editor =       "V. van Oostrom",
  booktitle =    "{Rewriting Techniques and Applications, 15th
                 International Conference, RTA-04}",
  address =      "Valencia, Spain",
  series =       "LNCS 3091",
  ISBN =         "3-540-22153-0",
  publisher =    "Springer",
}

@article{MillsteinChambers,
  author={Todd Millstein and Craig Chambers},
  title={Modular Statically Typed Multimethods},
  journal={Information and Computation},
  volume=175,
  number=1,
  pages={76-118},
  month=may,
  year=2002,
}

@techreport{morton,
  author = "G. M. Morton",
  title = "A computer oriented geodetic data base and a new technique in file sequencing",
  institution = "IBM Ltd.",
  month = mar,
  year = 1966
}

@inproceedings{NextGen,
  title = {Compatible Genericity with Run-time Types for the {J}ava {P}rogramming {L}anguage},
  booktitle = {OOPSLA},
  year = {1998},
  author = {R. Cartwright and G. Steele}
}

@techreport{nistSP811,
  author = "Barry N. Taylor",
  title = "Guide for the Use of the International System of Units (SI)",
  institution = "United States Department of Commerce, National Institute of Standards and Technology",
  month = apr,
  year = 1995,
  url = "http://physics.nist.gov/cuu/pdf/sp811.pdf"
}

@book{OCaml,
  author ={Xavier Leroy and
           Damien Doligez and
           Jacques Garrigue and
           Didier R\'{e}my and
           J\'{e}r\^{o}me Vouillon},
  title = {The Objective Caml System, release 3.08},
  year = {2004},
  publisher = "\url{http://caml.inria.fr/distrib/ocaml-3.08/ocaml-3.08-refman.pdf}"
}

@book{OpenMP,
  title = "{OpenMP} {Fortran} Application Program Interface Version 2.0",
  year = 2000,
  month = nov,
  author="{OpenMP Architecture Review Board}",
  publisher = "\url{http://www.openmp.org/specs/mp-documents/fspec20_bars.pdf}"
}

@misc{Rats,
  author = "Robert Grimm",
  title = "Rats! -- An Easily Extensible Parser Generator",
  howpublished = "\url{http://cs.nyu.edu/~rgrimm/xtc/rats.html}" }

@book{Scala,
  year = {2004},
  title = {The Scala Language Specification},
  author = {Martin Odersky and
           Philippe Altherr and
           Vincent Cremet and
           Burak Emir and
           St\'{e}phane Micheloud and
           Nikolay Mihaylov and
           Michel Schinz and
           Erik Stenman and
           Matthias Zenger},
  publisher = "\url{http://scala.epfl.ch/docu/files/ScalaReference.pdf}"
}

@article{Scheme,
  author = "Richard Kelsey and William Clinger and Jonathan Rees",
  title = "Revised$^{5}$ Report on the Algorithmic Language {Scheme}",
  journal = "ACM SIGPLAN Notices",
  volume = "33",
  number = "9",
  pages = "26--76",
  year = "1998",
  url = "citeseer.csail.mit.edu/article/kelsey98revised.html"
}

@book{Self,
  year = {2000},
  title = {The Self Programmer's Reference Manual},
  author = {Ole Agesen and
           Lars Bak and
           Craig Chambers and
           Bay-Wei Chang and
           Urs H\"{o}lzle and
           John Maloney and
           Randall B. Smith and
           David Ungar and
           Mario Wolczko},
  publisher = "\url{http://research.sun.com/self/release_4.0/Self-4.0/manuals/Self-4.1-Pgmers-Ref.pdf}"
}

@book{SML,
  author ={Robin Milner and Mads Tofte and Robert Harper and David MacQueen},
  title = {The Definition of Standard ML (Revised)},
  year = {1997},
  publisher = "The MIT Press"
}

@article{traits,
  author = {St\'ephane Ducasse and Oscar Nierstrasz and Nathanael Sch{\"a}rli and Roel Wuyts and Andrew P. Black},
  title = {Traits: A mechanism for fine-grained reuse},
  journal = {ACM Trans. Program. Lang. Syst.},
  volume = {28},
  number = {2},
  year = {2006},
  issn = {0164-0925},
  pages = {331--388},
  doi = {http://doi.acm.org/10.1145/1119479.1119483},
  publisher = {ACM Press},
  address = {New York, NY, USA},
}

@book{Unicode,
  Year = {2006},
  Title = {The Unicode Standard, Version 5.0},
  Author = "{The Unicode Consortium}",
  Publisher = {Addison-Wesley},
  city = {Boston, MA}
}
